@article{scholkopf2000support,
  title={{Support vector method for novelty detection}},
  author={Sch{\"o}lkopf, B. and Williamson, R.C. and Smola, A.J. and Shawe-Taylor, J. and Platt, J.},
  journal={Advances in neural information processing systems},
  volume={12},
  number={3},
  pages={582--588},
  year={2000},
  publisher={Citeseer}
}
@article{bishop1994novelty,
  title={{Novelty detection and neural network validation}},
  author={Bishop, C.M.},
  journal={IEEE Proc.-Vis. Image Signal Process},
  volume={141},
  number={4},
  year={2004},
}
@article{shubina2010,
  title={{Visual search for object in 3D environment using a mobile robot}},
  author={Shubina, K. and Tsotsos, J.},
  journal={Computer Vision and Image Understanding},
  year={2010},
}
@article{galindo2005,
  title={{Multihierarchical semantic maps for mobile robotics}},
  author={Galindo, C. and Saffiotti, A. and Coradeschi, S. and Bushak, P. and Fernandez-Madrigal, J. A. and Gonzalez, J.},
  journal={Proc. Int. Conf. Intelligent Robots and Systems},
  year={2005},
}
@article{vasudevan2008,
  title={{Bayesian space conceptualization and place classification for semantic maps in mobile robotics}},
  author={Vasudevvanm, S. and Siegwart, R.},
  journal={Robotics Autonomous Systemd},
  year={2008},
}
@article{pronobis2011exploiting,
  title={{Exploiting Probabilistic Knowledge under Uncertain Sensing}},
  author={omitted},
  journal={omitted},
  year={2011},
}
@article{lauritzen2002chain,
  title={{Chain graph models and their causal interpretations}},
  author={Lauritzen, S.L. and Richardson, T.S.},
  journal={Journal of the Royal Statistical Society: Series B (Statistical Methodology)},
  volume={64},
  number={3},
  pages={321--348},
  issn={1467-9868},
  year={2002},
  publisher={Wiley Online Library}
}
@article{dourish2001seeking,
  title={{Seeking a foundation for context-aware computing}},
  author={Dourish, P.},
  journal={Human-Computer Interaction},
  volume={16},
  number={2},
  pages={229--241},
  issn={0737-0024},
  year={2001},
  publisher={L. Erlbaum Associates Inc.}
}
@conference{dey2000towards,
  title={{Towards a better understanding of context and context-awareness}},
  author={Dey, A.K. and Abowd, G.D.},
  booktitle={CHI 2000 workshop on the what, who, where, when, and how of context-awareness},
  volume={4},
  pages={1--6},
  year={2000},
  organization={Citeseer}
}
@article{cummins2008fab,
  title={{FAB-MAP: Probabilistic localization and mapping in the space of appearance}},
  author={Cummins, M. and Newman, P.},
  journal={The International Journal of Robotics Research},
  volume={27},
  number={6},
  pages={647},
  issn={0278-3649},
  year={2008},
  publisher={SAGE Publications}
}
@misc{imageclef,
  title={{ImageCLEF - The CLEF Cross Language Image Retrieval Track}},
  author={ImageCLEF},
  year={2011},
  month=jan,
  url = "http://www.imageclef.org/",
  note = "[Online; accessed January-2011]"
}
@article{murphy2006object,
  title={{Object detection and localization using local and global features}},
  author={Murphy, K. and Torralba, A. and Eaton, D. and Freeman, W.},
  journal={Toward Category-Level Object Recognition},
  pages={382--400},
  year={2006},
  publisher={Springer}
}
@conference{torralba2008context,
  title={{Context-based vision system for place and object recognition}},
  author={Torralba, A. and Murphy, K.P. and Freeman, W.T. and Rubin, M.A.},
  booktitle={Computer Vision, 2003. Proceedings. Ninth IEEE International Conference on},
  pages={273--280},
  isbn={0769519504},
  year={2008},
  organization={IEEE}
}
@article{singh2010open,
  title={{Open Mind Common Sense: Knowledge acquisition from the general public}},
  author={Singh, P. and Lin, T. and Mueller, E. and Lim, G. and Perkins, T. and Li Zhu, W.},
  journal={On the Move to Meaningful Internet Systems 2002: CoopIS, DOA, and ODBASE},
  pages={1223--1237},
  year={2010},
  publisher={Springer}
}
@misc{quattoni2009recognizing,
  title={{Recognizing indoor scenes}},
  author={Quattoni, A. and Torralba, A.},
  year={2009}
}
@article{russell2008labelme,
  title={{LabelMe: a database and web-based tool for image annotation}},
  author={Russell, B.C. and Torralba, A. and Murphy, K.P. and Freeman, W.T.},
  journal={International Journal of Computer Vision},
  volume={77},
  number={1},
  pages={157--173},
  issn={0920-5691},
  year={2008},
  publisher={Springer}
}
@article{cortes1995support,
  title={{Support-vector networks}},
  author={Cortes, C. and Vapnik, V.},
  journal={Machine learning},
  volume={20},
  number={3},
  pages={273--297},
  issn={0885-6125},
  year={1995},
  publisher={Springer}
}
@book{bishop2006pattern,
  title={{Pattern recognition and machine learning}},
  author={Bishop, C.M. and SpringerLink (Online service)},
  volume={4},
  year={2006},
  publisher={Springer New York}
}
@conference{pronobis2007confidence,
  title={{Confidence-based cue integration for visual place recognition}},
  author={Pronobis, A. and Caputo, B.},
  booktitle={Intelligent Robots and Systems, 2007. IROS 2007. IEEE/RSJ International Conference on},
  pages={2394--2401},
  year={2007},
  organization={IEEE}
}

@article{pronobis09ijrr-cold,
  author = {Pronobis, A. and Caputo, B.},
  title = {{COLD}: {CO}sy {L}ocalization {D}atabase},
  journal = {The International Journal of Robotics Research {(IJRR)}},
  month = {May},
  volume = {28},
  number = {5},
  year = {2009},
  url = {http://www.csc.kth.se/~pronobis/research/pronobis09ijrr-cold/pronobis09ijrr-cold.pdf}
}

@article{Hoffmann2007863,
  title = "Kernel PCA for novelty detection",
  journal = "Pattern Recognition",
  volume = "40",
  number = "3",
  pages = "863 - 874",
  year = "2007",
  note = "",
  issn = "0031-3203",
  doi = "DOI: 10.1016/j.patcog.2006.07.009",
  url = "http://www.sciencedirect.com/science/article/B6V14-4KXVCSY-2/2/1590db3d4fad63390fe216f1c9614cfa",
  author = "Heiko Hoffmann",
  keywords = "Kernel method",
  keywords = "Novelty detection",
  keywords = "PCA",
  keywords = "Handwritten digit",
  keywords = "Breast cancer"
}

@article{Pronobis201081,
  title = "A realistic benchmark for visual indoor place recognition",
  journal = "Robotics and Autonomous Systems",
  volume = "58",
  number = "1",
  pages = "81 - 96",
  year = "2010",
  note = "",
  issn = "0921-8890",
  doi = "DOI: 10.1016/j.robot.2009.07.025",
  url = "http://www.sciencedirect.com/science/article/B6V16-4WXHBVY-3/2/8dd07b5d76fc88c9225660bb61ba8f68",
  author = "A. Pronobis and B. Caputo and P. Jensfelt and H.I. Christensen",
  keywords = "Visual place recognition",
  keywords = "Robot topological localization",
  keywords = "Standard robotic benchmark"
}

@conference{tax2002using,
  title={{Using two-class classifiers for multiclass classification}},
  author={Tax, D. and Duin, R.},
  booktitle={International Conference on Pattern Recognition},
  volume={16},
  pages={124--127},
  issn={1051-4651},
  year={2002},
  organization={Citeseer}
}

@article{hsu2002comparison,
  title={{A comparison of methods for multiclass support vector machines}},
  author={Hsu, C.W. and Lin, C.J.},
  journal={Neural Networks, IEEE Transactions on},
  volume={13},
  number={2},
  pages={415--425},
  issn={1045-9227},
  year={2002},
  publisher={IEEE}
}
@incollection{pronobis2010imageclef,
  author = {Pronobis, Andrzej and Caputo, Barbara},
  title = {The Robot Vision Task},
  booktitle = {ImageCLEF},
  series = {The Information Retrieval Series},
  editor = {M\"{u}ller, Henning and Clough, Paul and Deselaers, Thomas and Caputo, Barbara},
  year = {2010},
  pages = {185-198},
  volume = {32},
  publisher = {Springer Berlin Heidelberg},
  isbn = {978-3-642-15181-1},
  doi = {10.1007/978-3-642-15181-1_10},
  url = {http://www.pronobis.pro/publications/pronobis2010imageclef}
}
@article{oliva2001modeling,
  title={{Modeling the shape of the scene: A holistic representation of the spatial envelope}},
  author={Oliva, A. and Torralba, A.},
  journal={International Journal of Computer Vision},
  volume={42},
  number={3},
  pages={145--175},
  issn={0920-5691},
  year={2001},
  publisher={Springer}
}
@article{markou2003novelty,
  title={{Novelty detection: a review--part 1: statistical approaches}},
  author={Markou, M. and Singh, S.},
  journal={Signal Processing},
  volume={83},
  number={12},
  pages={2481--2497},
  issn={0165-1684},
  year={2003},
  publisher={Elsevier}
}
@article{scholkopf1997kernel,
  title={{Kernel principal component analysis}},
  author={Sch{\"o}lkopf, B. and Smola, A. and M{\"u}ller, K.R.},
  journal={Artificial Neural Networks—ICANN'97},
  pages={583--588},
  year={1997},
  publisher={Springer}
}
@article{pronobis2010ijrr,
  author = {Pronobis, Andrzej and Mozos, Oscar M. and Caputo, Barbara and Jensfelt, Patric},
  title = {Multi-modal Semantic Place Classification},
  journal = {The International Journal of Robotics Research (IJRR), Special Issue on Robotic Vision},
  year = {2010},
  volume = {29},
  number = {2-3},
  month = feb,
  pages = {298-320},
  doi = {10.1177/0278364909356483},
  url = {http://www.pronobis.pro/publications/pronobis2010ijrr}
}

@article{schiele1996object,
  title={{Object recognition using multidimensional receptive field histograms}},
  author={Schiele, B. and Crowley, J.},
  journal={Computer Vision—ECCV'96},
  pages={610--619},
  year={1996},
  publisher={Springer}
}

@conference{linde2004object,
  title={{Object recognition using composed receptive field histograms of higher dimensionality}},
  author={Linde, O. and Lindeberg, T.},
  booktitle={Pattern Recognition, 2004. ICPR 2004. Proceedings of the 17th International Conference on},
  volume={2},
  pages={1--6},
  isbn={0769521282},
  issn={1051-4651},
  year={2004},
  organization={IEEE}
}

@conference{barla2003histogram,
  title={{Histogram intersection kernel for image classification}},
  author={Barla, A. and Odone, F. and Verri, A.},
  booktitle={Image Processing, 2003. ICIP 2003. Proceedings. 2003 International Conference on},
  volume={3},
  isbn={0780377508},
  issn={1522-4880},
  year={2003},
  organization={IEEE}
}

@article{oliva2006building,
  title={{Building the gist of a scene: The role of global image features in recognition}},
  author={Oliva, A. and Torralba, A.},
  journal={Progress in brain research},
  volume={155},
  pages={23--36},
  issn={0079-6123},
  year={2006},
  publisher={Elsevier}
}

