@inproceedings{ijcai,
address = {Barcelona, Spain},
author = {Hanheide, Marc and Gretton, Charles and Dearden, Richard W. and Hawes, Nick A. and Wyatt, Jeremy L. and Pronobis, Andrzej and Aydemir, Alper and G\"{o}belbecker, Moritz and Zender, Hendrik},
booktitle = {Proceedings of the 22nd International Joint Conference on Artificial Intelligence (IJCAI'11)},
title = {{Exploiting probabilistic knowledge under uncertain sensing for efficient robot behaviour}},
year = {2011}
}
@article{chow1970optimum,
  title={On optimum recognition error and reject tradeoff},
  author={Chow, C.},
  journal={Information Theory, IEEE Transactions on},
  volume={16},
  number={1},
  pages={41--46},
  year={1970},
  publisher={IEEE}
}

@article{Mooij_libDAI_10,
    author    = {Joris M. Mooij},
    title     = {lib{DAI}: A Free and Open Source {C++} Library for Discrete Approximate Inference in Graphical Models},
    journal   = {Journal of Machine Learning Research},
    year      = 2010,
    month     = Aug,
    volume    = 11,
    pages     = {2169-2173},
    url       = "http://www.jmlr.org/papers/volume11/mooij10a/mooij10a.pdf"
  }
@article{kschischang2001factor,
  title={Factor graphs and the sum-product algorithm},
  author={Kschischang, F.R. and Frey, B.J. and Loeliger, H.A.},
  journal={Information Theory, IEEE Transactions on},
  volume={47},
  number={2},
  pages={498--519},
  year={2001},
  publisher={IEEE}
}
@article{zhang2006probabilistic,
  title={A probabilistic semantic model for image annotation and multi-modal image retrieval},
  author={Zhang, R. and Zhang, Z. and Li, M. and Ma, W.Y. and Zhang, H.J.},
  journal={Multimedia Systems},
  volume={12},
  number={1},
  pages={27--33},
  year={2006},
  publisher={Springer}
}
@mastersthesis{pronobis2005msc,
  author = {Pronobis, Andrzej},
  title = {Indoor Place Recognition Using Support Vector Machines},
  year = {2005},
  month = dec,
  school = {NADA/CVAP, Kungliga Tekniska H\"{o}gskolan},
  address = {Stockholm, Sweden},
  url = {http://www.pronobis.pro/publications/pronobis2005msc}
}
@article{pronobis2011exploiting,
  title={{Exploiting Probabilistic Knowledge under Uncertain Sensing for Efficient Robot Behaviour}},
  author={{Author Ommited}},
  jornal={Awaiting acception on Ommited Jornal},
  year={2011}
}
@conference{boughorbel2005intermediate,
  title={{The intermediate matching kernel for image local features}},
  author={Boughorbel, S. and Tarel, J.P. and Boujemaa, N.},
  booktitle={Neural Networks, 2005. IJCNN'05. Proceedings. 2005 IEEE International Joint Conference on},
  volume={2},
  pages={889--894},
  isbn={0780390482},
  year={2005},
  organization={IEEE}
}
@article{scholkopf2000support,
  title={{Support vector method for novelty detection}},
  author={Sch{\"o}lkopf, B. and Williamson, R.C. and Smola, A.J. and Shawe-Taylor, J. and Platt, J.},
  journal={Advances in neural information processing systems},
  volume={12},
  number={3},
  pages={582--588},
  year={2000},
  publisher={Citeseer}
}
@article{caputo2009overview,
  title={{Overview of the CLEF 2009 robot vision track}},
  author={Caputo, B. and Pronobis, A. and Jensfelt, P.},
  journal={CLEF working notes},
  year={2009}
}
@book{borgelt2002graphical,
  title={{Graphical models: methods for data analysis and mining}},
  author={Borgelt, C. and Kruse, R.},
  isbn={0470843373},
  year={2002},
  publisher={Wiley}
}
@book{pearl1988probabilistic,
  title={{Probabilistic reasoning in intelligent systems: networks of plausible inference}},
  author={Pearl, J.},
  isbn={1558604790},
  year={1988},
  publisher={Morgan Kaufmann}
}
@article{lauritzen2002chain,
  title={{Chain graph models and their causal interpretations}},
  author={Lauritzen, S.L. and Richardson, T.S.},
  journal={Journal of the Royal Statistical Society: Series B (Statistical Methodology)},
  volume={64},
  number={3},
  pages={321--348},
  issn={1467-9868},
  year={2002},
  publisher={Wiley Online Library}
}
@article{dourish2001seeking,
  title={{Seeking a foundation for context-aware computing}},
  author={Dourish, P.},
  journal={Human-Computer Interaction},
  volume={16},
  number={2},
  pages={229--241},
  issn={0737-0024},
  year={2001},
  publisher={L. Erlbaum Associates Inc.}
}
@conference{dey2000towards,
  title={{Towards a better understanding of context and context-awareness}},
  author={Dey, A.K. and Abowd, G.D.},
  booktitle={CHI 2000 workshop on the what, who, where, when, and how of context-awareness},
  volume={4},
  pages={1--6},
  year={2000},
  organization={Citeseer}
}
@article{cummins2008fab,
  title={{FAB-MAP: Probabilistic localization and mapping in the space of appearance}},
  author={Cummins, M. and Newman, P.},
  journal={The International Journal of Robotics Research},
  volume={27},
  number={6},
  pages={647},
  issn={0278-3649},
  year={2008},
  publisher={SAGE Publications}
}
@misc{imageclef,
  title={{ImageCLEF - The CLEF Cross Language Image Retrieval Track}},
  author={ImageCLEF},
  year={2011},
  month=jan,
  url = "http://www.imageclef.org/",
  note = "[Online; accessed January-2011]"
}
@conference{lowe1999object,
  title={{Object recognition from local scale-invariant features}},
  author={Lowe, D.G.},
  booktitle={iccv},
  pages={1150},
  year={1999},
  organization={Published by the IEEE Computer Society}
}
@article{murphy2006object,
  title={{Object detection and localization using local and global features}},
  author={Murphy, K. and Torralba, A. and Eaton, D. and Freeman, W.},
  journal={Toward Category-Level Object Recognition},
  pages={382--400},
  year={2006},
  publisher={Springer}
}
@article{torralba2003contextual,
  title={Contextual priming for object detection},
  author={Torralba, A.},
  journal={International Journal of Computer Vision},
  volume={53},
  number={2},
  pages={169--191},
  year={2003},
  publisher={Springer}
}
@conference{torralba2008context,
  title={{Context-based vision system for place and object recognition}},
  author={Torralba, A. and Murphy, K.P. and Freeman, W.T. and Rubin, M.A.},
  booktitle={Computer Vision, 2003. Proceedings. Ninth IEEE International Conference on},
  pages={273--280},
  isbn={0769519504},
  year={2008},
  organization={IEEE}
}
@article{singh2010open,
  title={{Open Mind Common Sense: Knowledge acquisition from the general public}},
  author={Singh, P. and Lin, T. and Mueller, E. and Lim, G. and Perkins, T. and Li Zhu, W.},
  journal={On the Move to Meaningful Internet Systems 2002: CoopIS, DOA, and ODBASE},
  pages={1223--1237},
  year={2010},
  publisher={Springer}
}
@article{maier2010probabilistic,
  title={A probabilistic appearance representation and its application to surprise detection in cognitive robots},
  author={Maier, W. and Steinbach, E.},
  journal={Autonomous Mental Development, IEEE Transactions on},
  volume={2},
  number={4},
  pages={267--281},
  year={2010},
  publisher={IEEE}
}
@conference{gross2009toomas,
  title={{TOOMAS: Interactive Shopping Guide robots in everyday use-final implementation and experiences from long-term field trials}},
  author={Gross, H.M. and Boehme, H. and Schroeter, C. and Mueller, S. and Koenig, A. and Einhorn, E. and Martin, C. and Merten, M. and Bley, A.},
  booktitle={Intelligent Robots and Systems, 2009. IROS 2009. IEEE/RSJ International Conference on},
  pages={2005--2012},
  year={2009},
  organization={IEEE}
}
@article{shubina2010visual,
  title={{Visual search for an object in a 3d environment using a mobile robot}},
  author={Shubina, K. and Tsotsos, J.K.},
  journal={Computer Vision and Image Understanding},
  volume={114},
  number={5},
  pages={535--547},
  issn={1077-3142},
  year={2010},
  publisher={Elsevier}
}
@conference{galindo2005multi,
  title={{Multi-hierarchical semantic maps for mobile robotics}},
  author={Galindo, C. and Saffiotti, A. and Coradeschi, S. and Buschka, P. and Fern{\'a}ndez-Madrigal, JA and Gonz{\'a}lez, J.},
  booktitle={Intelligent Robots and Systems, 2005.(IROS 2005). 2005 IEEE/RSJ International Conference on},
  pages={2278--2283},
  isbn={0780389123},
  year={2005},
  organization={IEEE}
}
@article{vasudevan2008bayesian,
  title={{Bayesian space conceptualization and place classification for semantic maps in mobile robotics}},
  author={Vasudevan, S. and Siegwart, R.},
  journal={Robotics and Autonomous Systems},
  volume={56},
  number={6},
  pages={522--537},
  issn={0921-8890},
  year={2008},
  publisher={Elsevier}
}
@conference{kraft2008exploration,
  title={{Exploration and planning in a three-level cognitive architecture}},
  author={Kraft, D. and Baseski, E. and Popovic, M. and Batog, AM and Kj{\ae}r-Nielsen, A. and Kr{\\"u}ger, N. and Petrick, R. and Geib, C. and Pugeault, N. and Steedman, M. and others},
  booktitle={Proceedings of the International Conference on Cognitive Systems (CogSys 2008)},
  year={2008},
  organization={Citeseer}
}
@misc{quattoni2009recognizing,
  title={{Recognizing indoor scenes}},
  author={Quattoni, A. and Torralba, A.},
  year={2009}
}
@article{russell2008labelme,
  title={{LabelMe: a database and web-based tool for image annotation}},
  author={Russell, B.C. and Torralba, A. and Murphy, K.P. and Freeman, W.T.},
  journal={International Journal of Computer Vision},
  volume={77},
  number={1},
  pages={157--173},
  issn={0920-5691},
  year={2008},
  publisher={Springer}
}
@article{cortes1995support,
  title={{Support-vector networks}},
  author={Cortes, C. and Vapnik, V.},
  journal={Machine learning},
  volume={20},
  number={3},
  pages={273--297},
  issn={0885-6125},
  year={1995},
  publisher={Springer}
}
@article{bishop1994novelty,
  title={{Novelty detection and neural network validation}},
  author={Bishop, CM},
  journal={IEE Proc.-Vls. Image Signal Process},
  volume={141},
  number={4},
  pages={217},
  year={1994}
}
@book{bishop2006pattern,
  title={{Pattern recognition and machine learning}},
  author={Bishop, C.M.},
  volume={4},
  year={2006},
  publisher={Springer New York}
}
@conference{pronobis2007confidence,
  title={{Confidence-based cue integration for visual place recognition}},
  author={Pronobis, A. and Caputo, B.},
  booktitle={Intelligent Robots and Systems, 2007. IROS 2007. IEEE/RSJ International Conference on},
  pages={2394--2401},
  year={2007},
  organization={IEEE}
}

@article{pronobis09ijrr-cold,
  author = {Pronobis, A. and Caputo, B.},
  title = {{COLD}: {CO}sy {L}ocalization {D}atabase},
  journal = {The International Journal of Robotics Research {(IJRR)}},
  month = {May},
  volume = {28},
  number = {5},
  year = {2009},
  url = {http://www.csc.kth.se/~pronobis/research/pronobis09ijrr-cold/pronobis09ijrr-cold.pdf}
}
@conference{boutell2006factor,
  title={{Factor Graphs for Region-based Whole-scene Classification}},
  author={Boutell, M.R. and Luo, J. and Brown, C.M.},
  booktitle={Proceedings of the 2006 Conference on Computer Vision and Pattern Recognition Workshop},
  pages={104},
  isbn={0769526462},
  year={2006},
  organization={IEEE Computer Society}
}
@article{Hoffmann2007863,
  title = "Kernel PCA for novelty detection",
  journal = "Pattern Recognition",
  volume = "40",
  number = "3",
  pages = "863 - 874",
  year = "2007",
  note = "",
  issn = "0031-3203",
  doi = "DOI: 10.1016/j.patcog.2006.07.009",
  url = "http://www.sciencedirect.com/science/article/B6V14-4KXVCSY-2/2/1590db3d4fad63390fe216f1c9614cfa",
  author = "Heiko Hoffmann",
  keywords = "Kernel method",
  keywords = "Novelty detection",
  keywords = "PCA",
  keywords = "Handwritten digit",
  keywords = "Breast cancer"
}

@article{Pronobis201081,
  title = "A realistic benchmark for visual indoor place recognition",
  journal = "Robotics and Autonomous Systems",
  volume = "58",
  number = "1",
  pages = "81 - 96",
  year = "2010",
  note = "",
  issn = "0921-8890",
  doi = "DOI: 10.1016/j.robot.2009.07.025",
  url = "http://www.sciencedirect.com/science/article/B6V16-4WXHBVY-3/2/8dd07b5d76fc88c9225660bb61ba8f68",
  author = "A. Pronobis and B. Caputo and P. Jensfelt and H.I. Christensen",
  keywords = "Visual place recognition",
  keywords = "Robot topological localization",
  keywords = "Standard robotic benchmark"
}

@conference{tax2002using,
  title={{Using two-class classifiers for multiclass classification}},
  author={Tax, D. and Duin, R.},
  booktitle={International Conference on Pattern Recognition},
  volume={16},
  pages={124--127},
  issn={1051-4651},
  year={2002},
  organization={Citeseer}
}

@article{hsu2002comparison,
  title={{A comparison of methods for multiclass support vector machines}},
  author={Hsu, C.W. and Lin, C.J.},
  journal={Neural Networks, IEEE Transactions on},
  volume={13},
  number={2},
  pages={415--425},
  issn={1045-9227},
  year={2002},
  publisher={IEEE}
}
@incollection{pronobis2010imageclef,
  author = {Pronobis, Andrzej and Caputo, Barbara},
  title = {The Robot Vision Task},
  booktitle = {ImageCLEF},
  series = {The Information Retrieval Series},
  editor = {M\"{u}ller, Henning and Clough, Paul and Deselaers, Thomas and Caputo, Barbara},
  year = {2010},
  pages = {185-198},
  volume = {32},
  publisher = {Springer Berlin Heidelberg},
  isbn = {978-3-642-15181-1},
  doi = {10.1007/978-3-642-15181-1_10},
  url = {http://www.pronobis.pro/publications/pronobis2010imageclef}
}
@article{oliva2001modeling,
  title={{Modeling the shape of the scene: A holistic representation of the spatial envelope}},
  author={Oliva, A. and Torralba, A.},
  journal={International Journal of Computer Vision},
  volume={42},
  number={3},
  pages={145--175},
  issn={0920-5691},
  year={2001},
  publisher={Springer}
}
@conference{sofman2010anytime,
  title={{Anytime online novelty detection for vehicle safeguarding}},
  author={Sofman, B. and Bagnell, J.A. and Stentz, A.},
  booktitle={Robotics and Automation (ICRA), 2010 IEEE International Conference on},
  pages={1247--1254},
  issn={1050-4729},
  year={2010},
  organization={IEEE}
}
@article{markou2003novelty,
  title={{Novelty detection: a review--part 1: statistical approaches}},
  author={Markou, M. and Singh, S.},
  journal={Signal Processing},
  volume={83},
  number={12},
  pages={2481--2497},
  issn={0165-1684},
  year={2003},
  publisher={Elsevier}
}
@article{markou2003novelty-part2,
  title={{Novelty detection: a review--part 2::: neural network based approaches}},
  author={Markou, M. and Singh, S.},
  journal={Signal Processing},
  volume={83},
  number={12},
  pages={2499--2521},
  issn={0165-1684},
  year={2003},
  publisher={Elsevier}
}
@article{scholkopf1997kernel,
  title={{Kernel principal component analysis}},
  author={Sch{\"o}lkopf, B. and Smola, A. and M{\"u}ller, K.R.},
  journal={Artificial Neural Networks—ICANN'97},
  pages={583--588},
  year={1997},
  publisher={Springer}
}
@article{pronobis2010ijrr,
  author = {Pronobis, Andrzej and Mozos, Oscar M. and Caputo, Barbara and Jensfelt, Patric},
  title = {Multi-modal Semantic Place Classification},
  journal = {The International Journal of Robotics Research (IJRR), Special Issue on Robotic Vision},
  year = {2010},
  volume = {29},
  number = {2-3},
  month = feb,
  pages = {298-320},
  doi = {10.1177/0278364909356483},
  url = {http://www.pronobis.pro/publications/pronobis2010ijrr}
}

@article{schiele1996object,
  title={{Object recognition using multidimensional receptive field histograms}},
  author={Schiele, B. and Crowley, J.},
  journal={Computer Vision—ECCV'96},
  pages={610--619},
  year={1996},
  publisher={Springer}
}

@conference{linde2004object,
  title={{Object recognition using composed receptive field histograms of higher dimensionality}},
  author={Linde, O. and Lindeberg, T.},
  booktitle={Pattern Recognition, 2004. ICPR 2004. Proceedings of the 17th International Conference on},
  volume={2},
  pages={1--6},
  isbn={0769521282},
  issn={1051-4651},
  year={2004},
  organization={IEEE}
}

@conference{barla2003histogram,
  title={{Histogram intersection kernel for image classification}},
  author={Barla, A. and Odone, F. and Verri, A.},
  booktitle={Image Processing, 2003. ICIP 2003. Proceedings. 2003 International Conference on},
  volume={3},
  isbn={0780377508},
  issn={1522-4880},
  year={2003},
  organization={IEEE}
}
@inproceedings{mozos2005supervised,
  title={Supervised learning of places from range data using adaboost},
  author={Mozos, O.M. and Stachniss, C. and Burgard, W.},
  booktitle={Robotics and Automation, 2005. ICRA 2005. Proceedings of the 2005 IEEE International Conference on},
  pages={1730--1735},
  year={2005},
  organization={IEEE}
}
@article{oliva2006building,
  title={{Building the gist of a scene: The role of global image features in recognition}},
  author={Oliva, A. and Torralba, A.},
  journal={Progress in brain research},
  volume={155},
  pages={23--36},
  issn={0079-6123},
  year={2006},
  publisher={Elsevier}
}

