@article{markou2003novelty,
  title={{Novelty detection: a review--part 1: statistical approaches}},
  author={Markou, M. and Singh, S.},
  journal={Signal Processing},
  volume={83},
  number={12},
  pages={2481--2497},
  issn={0165-1684},
  year={2003},
  publisher={Elsevier}
}
