@inproceedings{ijcai,
  address = {Barcelona, Spain},
  author = {Hanheide, Marc and Gretton, Charles and Dearden, Richard W. and Hawes, Nick A. and Wyatt, Jeremy L. and Pronobis, Andrzej and Aydemir, Alper and G\"{o}belbecker, Moritz and Zender, Hendrik},
  booktitle = {Proceedings of the 22nd International Joint Conference on Artificial Intelligence (IJCAI'11)},
  title = {{Exploiting probabilistic knowledge under uncertain sensing for efficient robot behaviour}},
  year = {2011}
}
